@article{Hafied_2007,
title = "Electron momentum spectroscopy of the valence orbitals of the
                  water molecule in gas and liquid phase: A
                  comparative study",
journal = "Chemical Physics Letters",
volume = "439",
number = "1",
pages = "55-59",
year = "2007",
author = "H. Hafied and A. Eschenbrenner and C. Champion and M.F.
                  Ruiz-López and C. Dal Cappello and I. Charpentier
                  and P.A. Hervieux"
}

@article{Cambi_1984,
title = "{Experimental and Theoretical Binding Energy Spectra and
                  Momentum Distributions for the Valence Orbitals of
                  H$_{2}$O}",
journal = "Chemical Physics",
volume = "91",
pages = "373 - 381",
year = "1984",
author = "R. Cambi and G. Ciullo and A. Sgamellotti and C. E. Brion
                  and J. P. D. Cook and I. E. McCarthy and E. Weigold"
}

@article{Bagawan_1984,
title = "{Electron Momentum Spectroscopy of the Valence Orbitals of
                  H$_{2}$O and D$_{2}$O: Quantitative Comparisons
                  Using Hartree-Fock Limit and Correlated
                  Wavefunctions}",
journal = "Chemical Physics",
volume = "113",
pages = "19 - 42",
year = "1984",
author = "A. O. Bagawan and C. E. Brion and E. R. Davidson and D.
                  Feller"
}

@article{Ning_2008,
title = "High resolution electron momentum spectroscopy of the valence
                  orbitals of water",
journal = "Chemical Physics",
volume = "343",
number = "1",
pages = "19 - 30",
year = "2008",
author = "C.G. Ning and B. Hajgató and Y.R. Huang and S.F. Zhang and
                  K. Liu and Z.H. Luo and S. Knippenberg and J.K. Deng
                  and M.S. Deleuze"
}

@article{Pitzer_1968,
author = {Aung, Soe and Pitzer, Russell M. and Chan,Sunney I.},
title = {Approximate {H}artree-{F}ock {W}avefunctions,
                  {O}ne-{E}lectron {P}roperties, and {E}lectronic
                  {S}tructure of the {W}ater {M}olecule},
journal = {The Journal of Chemical Physics},
volume = {49},
number = {5},
pages = {2071-2080},
year = {1968}
}

@article{Pitzer_1970,
author = {Pitzer, Russell M. and Merrifield, Donald P.},
title = {Minimum {B}asis {W}avefunctions for {W}ater},
journal = {The Journal of Chemical Physics},
volume = {52},
number = {9},
pages = {4782-4787},
year = {1970}
}

@article{EllisonShullh2o_1955,
author = {Ellison, Frank O. and Shull, Harrison},
title = {Molecular {C}alculations. {I}. {LCAO} {MO}
                  {S}elf-{C}onsistent {F}ield {T}reatment of the
                  {G}round {S}tate of $\mathrm{H}_{2}\mathrm{O}$},
journal = {The Journal of Chemical Physics},
volume = {23},
number = {12},
pages = {2348-2357},
year = {1955}
}


@article{Roothaan_1951,
  title = {New Developments in Molecular Orbital Theory},
  author = {Roothaan, C. C. J.},
  journal = {Rev. Mod. Phys.},
  volume = {23},
  issue = {2},
  pages = {69-89},
  year = {1951},
  publisher = {American Physical Society}
}

@article{scf_lc_1967,
author = {Harrison, James F.},
title = {Some {O}ne-{E}lectron {P}roperties of
                  $\mathrm{H}_{2}\mathrm{O}$ and $\mathrm{NH}_{3}$},
journal = {The Journal of Chemical Physics},
volume = {47},
number = {8},
pages = {2990-2996},
year = {1967}
}


@article{Tsog_2013,
	year = 2013,
	publisher = {{IOP} Publishing},
	volume = {46},
	number = {8},
	pages = {085004},
	author = {Ts Tsogbayar and M Horbatsch},
	title = {Calculation of Stark resonance parameters for the
                  hydrogen molecular ion in a static electric field},
	journal = {Journal of Physics B: Atomic, Molecular and Optical
                  Physics}
}

@article{Chu_2000,
  title = {Complex-scaling generalized pseudospectral method for
                  quasienergy resonance states in two-center systems:
                  Application to the Floquet study of charge resonance
                  enhanced multiphoton ionization of molecular ions in
                  intense low-frequency laser fields},
  author = {Chu, Xi and Chu, Shih-I},
  journal = {Phys. Rev. A},
  volume = {63},
  issue = {1},
  pages = {013414},
  numpages = {10},
  year = {2000},
  publisher = {American Physical Society}
}

@article{Plummer_1996,
	year = 1996,
	month = {oct},
	publisher = {{IOP} Publishing},
	volume = {29},
	number = {20},
	pages = {4625--4640},
	author = {M Plummer and J F McCann},
	title = {Field-ionization rates of the hydrogen molecular ion},
	journal = {Journal of Physics B: Atomic, Molecular and Optical
                  Physics}
}

@article{Giusti_Suzor_1995,
	year = 1995,
	month = {feb},
	publisher = {{IOP} Publishing},
	volume = {28},
	number = {3},
	pages = {309--339},
	author = {A Giusti-Suzor and F H Mies and L F DiMauro and E
                  Charron and B Yang},
	title = {Dynamics of H$_{2}^{+}$ in intense laser fields},
	journal = {Journal of Physics B: Atomic, Molecular and Optical
                  Physics}
}

@article{h2exp_2008,
  title = {Elusive enhanced ionization structure for
                  $\mathrm{H}_{2}{}^{+}$ in intense ultrashort laser
                  pulses},
  author = {Ben-Itzhak, I. and Wang, P. Q. and Sayler, A. M. and
                  Carnes, K. D. and Leonard, M. and Esry, B. D. and
                  Alnaser, A. S. and Ulrich, B. and Tong, X. M. and
                  Litvinyuk, I. V. and Maharjan, C. M. and Ranitovic,
                  P. and Osipov, T. and Ghimire, S. and Chang, Z. and
                  Cocke, C. L.},
  journal = {Phys. Rev. A},
  volume = {78},
  issue = {6},
  pages = {063419},
  numpages = {7},
  year = {2008},
  publisher = {American Physical Society}
}

@article{h2exp_2005,
  title = {Time-Resolved Imaging and Manipulation of
                  $\mathrm{H}_{2}$ Fragmentation in Intense Laser
                  Fields},
  author = {Ergler, Th. and Rudenko, A. and Feuerstein, B. and Zrost,
                  K. and Schr\"oter, C. D. and Moshammer, R. and
                  Ullrich, J.},
  journal = {Phys. Rev. Lett.},
  volume = {95},
  issue = {9},
  pages = {093001},
  numpages = {4},
  year = {2005},
  publisher = {American Physical Society}
}

@article{Schmidt_1994,
  title = {Laser-induced trapping of chlorine molecules with pico- and
                  femtosecond pulses},
  author = {Schmidt, M. and Normand, D. and Cornaggia, C.},
  journal = {Phys. Rev. A},
  volume = {50},
  issue = {6},
  pages = {5037--5045},
  numpages = {0},
  year = {1994},
  publisher = {American Physical Society}
}

@article{Farrell_2011,
  title = {Strong Field Ionization to Multiple Electronic States in
                  Water},
  author = {Farrell, Joseph P. and Petretti, Simon and F\"orster,
                  Johann and McFarland, Brian K. and Spector, Limor S.
                  and Vanne, Yulian V. and Decleva, Piero and
                  Bucksbaum, Philip H. and Saenz, Alejandro and
                  G\"uhr, Markus},
  journal = {Phys. Rev. Lett.},
  volume = {107},
  issue = {8},
  pages = {083001},
  numpages = {4},
  year = {2011}
}

@article{Falge_2010,
  title = {Vibrational-state and isotope dependence of high-order
                  harmonic generation in water molecules},
  author = {Falge, Mirjam and Engel, Volker and Lein, Manfred},
  journal = {Phys. Rev. A},
  volume = {81},
  issue = {2},
  pages = {023412},
  numpages = {6},
  year = {2010}
}

@article{horbatsch_2012col,
  title = {Fragmentation of water molecules by proton impact: The role
                  of multiple electron processes},
  author = {Murakami, Mitsuko and Kirchner, Tom and Horbatsch, Marko
                  and L\"udde, Hans J\"urgen},
  journal = {Phys. Rev. A},
  volume = {85},
  issue = {5},
  pages = {052713},
  numpages = {4},
  year = {2012}
}

@article{horbatsch_2016col,
  title = {Ionization and electron-capture cross sections for single-
                  and multiple-electron removal from
                  $\mathrm{H}_{2}\mathrm{O}$ by $\mathrm{Li}^{3+}$
                  impact},
  author = {Luna, H. and Wolff, W. and Montenegro, E. C. and Tavares,
                  Andr\'e C. and L\"udde, H. J. and Schenk, G. and
                  Horbatsch, M. and Kirchner, T.},
  journal = {Phys. Rev. A},
  volume = {93},
  issue = {5},
  pages = {052705},
  numpages = {12},
  year = {2016}
}

@article{sarias_2016,
  title = {Calculation of Stark resonance parameters for valence
                  orbitals of the water molecule},
  author = {Arias Laso, Susana and Horbatsch, Marko},
  journal = {Phys. Rev. A},
  volume = {94},
  issue = {5},
  pages = {053413},
  numpages = {6},
  year = {2016}
}

@article{sarias_2017,
	year = 2017,
	publisher = {{IOP} Publishing},
	volume = {50},
	number = {22},
	pages = {225001},
	author = {Arias Laso, Susana and Horbatsch, Marko},
	title = {Stark resonance parameters for the $3a_{1}$ orbital of
                  the water molecule},
	journal = {Journal of Physics B: Atomic, Molecular and Optical Physics}
}

@article{illescas_2015,
title = "Lattice description of electron loss in high-energy H++H2O
                  collisions",
journal = "Chemical Physics",
volume = "462",
pages = "17 - 22",
year = "2015",
note = "Inelastic Processes in Atomic, Molecular and Chemical Physics",
author = "L.F. Errea and Clara Illescas and L. Méndez and I. Rabadán
                  and J. Suárez"
}

@article{illescas_2013,
  title = {Ionization of water molecules by proton impact: Two
                  nonperturbative studies of the electron-emission
                  spectra},
  author = {Errea, L. F. and Illescas, Clara and M\'endez, L. and
                  Rabad\'an, I.},
  journal = {Phys. Rev. A},
  volume = {87},
  issue = {3},
  pages = {032709},
  numpages = {7},
  year = {2013}
}

@article{Montanari_2013,
	year = 2013,
	month = {dec},
	publisher = {{IOP} Publishing},
	volume = {47},
	number = {1},
	pages = {015201},
	author = {C C Montanari and J E Miraglia},
	title = {Neonization method for stopping, mean excitation
                  energy, straggling, and for total and differential
                  ionization cross sections of $\mathrm{CH}_{4}$,
                  $\mathrm{NH}_{3}$, $\mathrm{H}_{2}\mathrm{O}$ and
                  {FH} by impact of heavy projectiles},
	journal = {Journal of Physics B: Atomic, Molecular and Optical Physics}
}

@article{Telnov_1989,
	year = 1989,
	publisher = {{IOP} Publishing},
	volume = {22},
	number = {14},
	pages = {L399-L404},
	author = {Telnov, D. A.},
	title = {{DC} {S}tark effect in a hydrogen atom via {S}turmian
                  expansions},
	journal = {Journal of Physics B: Atomic, Molecular and Optical
                  Physics}
}

@article{Kolosov_1987,
	year = 1987,
	publisher = {{IOP} Publishing},
	volume = {20},
	number = {11},
	pages = {2359--2367},
	author = {V V Kolosov},
	title = {A hydrogen atom in a strong electric field},
	journal = {Journal of Physics B: Atomic and Molecular Physics}
}

@article{Moccia_1964,
author = {Moccia, Roberto},
title = {One-Center {B}asis {S}et {SCF} {MO}'s. III.
                  $\mathrm{H}_{2}\mathrm{O}$,
                  $\mathrm{H}_{2}\mathrm{S}$, and $\mathrm{HCl}$},
journal = {The Journal of Chemical Physics},
volume = {40},
number = {8},
pages = {2186-2192},
year = {1964}
}

@article{Moccia_JCP_2164,
author = {Moccia, Roberto},
title = {One-Center {B}asis {S}et {SCF} {MO}'s. I. $\mathrm{HF}$,
                  $\mathrm{CH}_{4}$, and $\mathrm{SiH}_{4}$},
journal = {The Journal of Chemical Physics},
volume = {40},
number = {8},
pages = {2164-2176},
year = {1964}
}

@article{Moccia_JCP_2176,
author = {Moccia, Roberto},
title = {One-Center {B}asis {S}et {SCF} {MO}'s. II. $\mathrm{NH}_{3}$,
                  $\mathrm{NH}_{4}^{+}$, $\mathrm{PH}_{3}$,
                  $\mathrm{PH}_{4}^{+}$},
journal = {The Journal of Chemical Physics},
volume = {40},
number = {8},
pages = {2176-2185},
year = {1964}
}

@article{Parr_JCP_1960,
author = {Saturno,Antony F. and Parr,Robert G.},
title = {A {O}ne-{C}enter {W}ave {F}unction for the {M}ethane
                  {M}olecule},
journal = {The Journal of Chemical Physics},
volume = {33},
number = {1},
pages = {22-27},
year = {1960}
}

@article{oneCentre_1961,
author = {E. L. Albasiny and J. R. A. Cooper},
title = {A one-centre {S.C.F.} wave function for the methane molecule},
journal = {Molecular Physics},
volume = {4},
number = {5},
pages = {353-368},
year  = {1961}
}

@article{Simon_1979,
title = "The definition of molecular resonance curves by the method of
                  exterior complex scaling",
journal = "Physics Letters A",
volume = "71",
number = "2",
pages = "211 - 214",
year = "1979",
author = "Barry Simon"
}

@article{ScrinziJChemPhys_ECS,
author = {Scrinzi, A. and Elander, N.},
title = {A finite element implementation of exterior complex scaling
                  for the accurate determination of resonance
                  energies},
journal = {The Journal of Chemical Physics},
volume = {98},
number = {5},
pages = {3866-3875},
year = {1993}
}

@article{ScrinziJPhysB_ECS,
	year = 2015,
	volume = {48},
	number = {24},
	pages = {245603},
	author = {Vinay Pramod Majety and Armin Scrinzi},
	title = {Static field ionization rates for multi-electron
                  atoms and small molecules},
	journal = {Journal of Physics B: Atomic, Molecular and Optical Physics}
}

@article{complexScaling,
  author = {Aguilar, J. and Combes, J. M.},
  title = {A class of analytic perturbations for one-body
                  {S}chr\"{o}dinger {H}amiltonians},
  journal = {Commun. Math. Phys.},
  year = {1971},
  volume = {22},
  number = {4},
  pages = {269-79}
}

@article{complexScalingBaslev,
  author = {Baslev, E. and Combes, J. M.},
  title = {Spectral {P}roperties of {M}any-body Schr\"{o}dinger
                  {O}perators with {D}ilatation-analytic
                  {I}nteractions},
  journal = {Commun. Math. Phys.},
  year = {1971},
  volume = {22},
  number = {4},
  pages = {280-94}
}

@article{complexScalingSimon,
  author = {B. Simon},
  title = {Resonances in $n$-body quantum systems with dilatation
                  analytic potentials and the foundations of
                  time-dependent perturbation theory},
  journal = {Ann. Math.},
  year = {1973},
  volume = {97},
  pages = {247-74}
}

@article{ecsScrinzi,
  title = {Infinite-range exterior complex scaling as a perfect
                  absorber in time-dependent problems},
  author = {Scrinzi, Armin},
  journal = {Phys. Rev. A},
  volume = {81},
  issue = {5},
  pages = {053845},
  numpages = {10},
  year = {2010},
  publisher = {American Physical Society}
}

@article{ecsRuiz,
  author = {F. He and C. Ruiz and A. Becker},
  title = {Absorbing boundaries in numerical solutions of the
                  time-dependent {S}chr\"{o}dinger equation on a grid
                  using exterior complex scaling},
  journal = {Phys. Rev. A},
  year = {2007},
  volume = {75},
  pages = {053407}
}

@article{ecsTao,
  title = {Long-time solution of the time-dependent Schr\"odinger
                  equation for an atom in an electromagnetic field
                  using complex coordinate contours},
  author = {Tao, Liang and Vanroose, W. and Reps, B. and Rescigno, T.
                  N. and McCurdy, C. W.},
  journal = {Phys. Rev. A},
  volume = {80},
  issue = {6},
  pages = {063419},
  numpages = {12},
  year = {2009},
  publisher = {American Physical Society}
}

@article{RissMeyer_1993,
	year = 1993,
	publisher = {{IOP} Publishing},
	volume = {26},
	number = {23},
	pages = {4503--4535},
	author = {U V Riss and H -D Meyer},
	title = {Calculation of resonance energies and widths using
                  the complex absorbing potential method},
	journal = {Journal of Physics B: Atomic, Molecular and Optical
                  Physics}
}

@article{Krause_2014,
author = {Krause,Pascal and Sonk,Jason A. and Schlegel,H. Bernhard},
title = {Strong field ionization rates simulated with time-dependent
                  configuration interaction and an absorbing
                  potential},
journal = {The Journal of Chemical Physics},
volume = {140},
number = {17},
pages = {174113},
year = {2014}
}

@article{LatterCor_1955,
  title = {Atomic {E}nergy {L}evels for the {T}homas-{F}ermi and
                  {T}homas-{F}ermi-{D}irac {P}otential},
  author = {Latter, Richard},
  journal = {Phys. Rev.},
  volume = {99},
  issue = {2},
  pages = {510--519},
  numpages = {0},
  year = {1955}
}

@article{Roothaan_HF,
  title = {New {D}evelopments in {M}olecular {O}rbital {T}heory},
  author = {Roothaan, C. C. J.},
  journal = {Rev. Mod. Phys.},
  volume = {23},
  issue = {2},
  pages = {69--89},
  numpages = {0},
  year = {1951},
  month = {Apr},
  publisher = {American Physical Society}
}


@book{Levine_QChem,
title = {Quantum Chemistry},
author = {Ira N. Levine},
publisher = {Pearson},
isbn = {978-0-321-80345-0},
year = {2014}
}




%---------------------------------------------------------
%---------------------------------------------------------
%---------------------------------------------------------
%---------------------------------------------------------
% ATI references


@article{LewScience2001,
  title = {Feynman's {P}ath {I}ntegral {A}pproach for
                  {I}ntense-{L}aser-{A}tom {I}nteractions},
  author = {P. Sali\`eres and B. Carr\'e and L. Le. D\'eroff and
                  F. Grasbon, G. G. Paulus and H. Walther and
                  R. Kopold and W. Becker and D. B. Milosevic and
                  A. Sanpera and M. Lewenstein},
  journal = {Science},
  volume = {292},
  pages = {902},
  year = {2001}
  }

@article{KopoldOptComm2000,
title = {Quantum path analysis of high-order above-threshold
                  ionization},
author = {R. Kopold and W. Becker and M. Kleber},
journal = {Optics Communications},
volume = {179},
number = {1},
pages = {39 - 50},
year = {2000}
}

@article{RevModPhysFeynman,
  title = {Space-Time Approach to Non-Relativistic Quantum Mechanics},
  author = {Feynman, R. P.},
  journal = {Rev. Mod. Phys.},
  volume = {20},
  issue = {2},
  pages = {367 - 387},
  year = {1948}
}



@article{Walker_1996,
  title = {Elastic {R}escattering in the {S}trong {F}ield {T}unneling
                  {L}imit},
  author = {Walker, B. and Sheehy, B. and Kulander, K. C. and DiMauro,
                  L. F.},
  journal = {Phys. Rev. Lett.},
  volume = {77},
  issue = {25},
  pages = {5031--5034},
  year = {1996}
}

@article{SpielmanHHG1997,
  title = {Generation of {C}oherent {X}-rays in the {W}ater {W}indow
                  {U}sing 5-{F}emtosecond {L}aser {P}ulses},
  author = {Ch. Spielman {emph{et al.}}},
  journal = {Science},
  volume = {278},
  pages = {661},
  year = {1997}
}

@article{PhysRevLett79HHG,
  title = {Generation of Coherent Soft X Rays at 2.7 nm Using High
                  Harmonics},
  author = {Chang, Zenghu and Rundquist, Andy and Wang, Haiwen and
                  Murnane, Margaret M. and Kapteyn, Henry C.},
  journal = {Phys. Rev. Lett.},
  volume = {79},
  issue = {16},
  pages = {2967--2970},
  numpages = {0},
  year = {1997}
}

@article{PhysRevA65HHGqp,
  title = {Quantum path distributions for high-order harmonics in rare
                  gas atoms},
  author = {Gaarde, Mette B. and Schafer, Kenneth J.},
  journal = {Phys. Rev. A},
  volume = {65},
  issue = {3},
  pages = {031406},
  numpages = {4},
  year = {2002}
}

@article{PhysRevLett81HHGexp,
  title = {Temporal Coherence of Ultrashort High-Order Harmonic Pulses},
  author = {Bellini, M. and Lyng\aa{}, C. and Tozzi, A. and Gaarde,
                  M. B. and H\"ansch, T. W. and L'Huillier, A. and
                  Wahlstr\"om, C.-G.},
  journal = {Phys. Rev. Lett.},
  volume = {81},
  issue = {2},
  pages = {297--300},
  year = {1998}
}

@article{PhysRevA60HHGexp,
  title = {Temporal coherence of high-order harmonics},
  author = {Lyng\aa{}, C. and Gaarde, M. B. and Delfin, C. and
                  Bellini, M. and H\"ansch, T. W. and L' Huillier,
                  A. and Wahlstr\"om, C.-G.},
  journal = {Phys. Rev. A},
  volume = {60},
  issue = {6},
  pages = {4823--4830},
  year = {1999}
}

@article{Kopold_1997sfa,
  title = {Above-threshold ionization in the tunneling regime},
  author = {Lohr, A. and Kleber, M. and Kopold, R. and Becker, W.},
  journal = {Phys. Rev. A},
  volume = {55},
  issue = {6},
  pages = {R4003--R4006},
  year = {1997}
}


@article{Paulus_1994plateau,
  title = {Plateau in above threshold ionization spectra},
  author = {Paulus, G. G. and Nicklich, W. and Xu, Huale and
                  Lambropoulos, P. and Walther, H.},
  journal = {Phys. Rev. Lett.},
  volume = {72},
  issue = {18},
  pages = {2851--2854},
  numpages = {0},
  year = {1994}
}

@article{Becker_1994plateau_classical,
	year = 1994,
	publisher = {{IOP} Publishing},
	volume = {27},
	number = {21},
	pages = {L703--L708},
	author = {Paulus, G. G. and Becker, W. and Nicklich, W. and
                  Walther, H.},
	title = {Rescattering effects in above-threshold ionization: a
                  classical model},
	journal = {Journal of Physics B: Atomic, Molecular and OpticalPhysics}
}

@article{Becker_rescattering1994,
	year = 1994,
	month = {jul},
	publisher = {{IOP} Publishing},
	volume = {27},
	number = {14},
	pages = {L325--L332},
	author = {W Becker and A Lohr and M Kleber},
	title = {Effects of rescattering on above-threshold
                  ionization},
	journal = {Journal of Physics B: Atomic, Molecular and Optical
                  Physics}
}


@article{cjp2010_keldysh,
  title = {Keldysh theory of strong field ionization},
  author = {Zi Jian Long and Wing-Ki Liu},
  journal = {Can. J. Phys.},
  volume = {88},
  pages = {227--245},
  year = {2010}
}

@article{LewensteinSPA_1994,
  title = {Theory of high-harmonic generation by low-frequency laser fields},
  author = {Lewenstein, M. and Balcou, Ph. and Ivanov, M. Yu. and
                  L'Huillier, Anne and Corkum, P. B.},
  journal = {Phys. Rev. A},
  volume = {49},
  issue = {3},
  pages = {2117--2132},
  year = {1994}
}


@article{ATI1979,
  title = {Free-Free Transitions Following Six-Photon Ionization of
                  Xenon Atoms},
  author = {Agostini, P. and Fabre, F. and Mainfray, G. and Petite,
                  G. and Rahman, N. K.},
  journal = {Phys. Rev. Lett.},
  volume = {42},
  issue = {17},
  pages = {1127--1130},
  year = {1979}
}

@ARTICLE{ATI1995,
    title = {Ionization Dynamics in Strong Laser Fields},
    author = {Dimauro, L.~F. and Agostini, P.},
    journal = {Advances in Atomic Molecular and Optical Physics},
    year = 1995,
    volume = 35,
    pages = {79-120}
}


@article{Corkum_1993,
  title = {Plasma perspective on strong field multiphoton ionization},
  author = {Corkum, P. B.},
  journal = {Phys. Rev. Lett.},
  volume = {71},
  issue = {13},
  pages = {1994--1997},
  year = {1993}
}

@article{KeldyshSFA,
  title = {{Ionization in the field of a strong electromagnetic wave}},
  author = {Keldysh, L. V.},
  journal = {Soviet Physics {JETP}},
  volume = {20},
  issue = {5},
  pages = {1307--1314},
  year = {1965}
}

@article{Becker_2005,
	year = 2005,
	month = {jan},
	publisher = {{IOP} Publishing},
	volume = {38},
	number = {3},
	pages = {R1--R56},
	author = {A. Becker and F. H. M. Faisal},
	title = {Intense-field many-{bodyS}-matrix theory},
	journal = {Journal of Physics B: Atomic, Molecular and Optical Physics}
}

@article{Faisal_1973,
	year = 1973,
	publisher = {{IOP} Publishing},
	volume = {6},
	number = {11},
	pages = {L312--L315},
	author = {F. H. M. Faisal},
	title = {Collision of electrons with laser photons in a
                  background potential},
	journal = {Journal of Physics B: Atomic and Molecular Physics}
}

@article{Reiss_1980,
  title = {Effect of an intense electromagnetic field on a weakly
                  bound system},
  author = {Reiss, Howard R.},
  journal = {Phys. Rev. A},
  volume = {22},
  issue = {5},
  pages = {1786--1813},
  numpages = {0},
  year = {1980},
  publisher = {American Physical Society}
}

@article{Lewenstein_1995,
  title = {Rings in above-threshold ionization: A quasiclassical
                  analysis},
  author = {Lewenstein, M. and Kulander, K. C. and Schafer, K. J. and
                  Bucksbaum, P. H.},
  journal = {Phys. Rev. A},
  volume = {51},
  issue = {2},
  pages = {1495--1507},
  numpages = {0},
  year = {1995},
  publisher = {American Physical Society}
}

@article{Lewenstein_1985,
	year = 1985,
	publisher = {{IOP} Publishing},
	volume = {18},
	number = {14},
	pages = {L461--L466},
	author = {M Lewenstein and J Mostowski and M Trippenbach},
	title = {Multichannel decay and continuum-continuum
                  transitions in above-threshold ionisation},
	journal = {Journal of Physics B: Atomic and Molecular Physics}
}

@article{Kaminski_1997,
	year = 1997,
	publisher = {{IOP} Publishing},
	volume = {30},
	number = {1},
	pages = {69--76},
	author = {J Z Kaminski and F Ehlotzky},
	title = {Relation between sidelobes and Coulomb corrections in
                  high-order above-threshold ionization},
	journal = {Journal of Physics B: Atomic, Molecular and Optical
                  Physics}
}

@article{Becker_1997,
  title = {A unified theory of high-harmonic generation: Application
                  to polarization properties of the harmonics},
  author = {Becker, W. and Lohr, A. and Kleber, M. and Lewenstein, M.},
  journal = {Phys. Rev. A},
  volume = {56},
  issue = {1},
  pages = {645--656},
  numpages = {0},
  year = {1997},
  publisher = {American Physical Society}
}

@article{Becker_1994_Keldysh,
  title = {Keldysh-like expansion for above-threshold ionization},
  author = {Becker, W. and Davidovich, L. and McIver, J. K.},
  journal = {Phys. Rev. A},
  volume = {49},
  issue = {2},
  pages = {1131--1140},
  numpages = {0},
  year = {1994},
  publisher = {American Physical Society}
}

@article{Walker_1994exp,
  title = {Precision Measurement of Strong Field Double Ionization of
                  Helium},
  author = {Walker, B. and Sheehy, B. and DiMauro, L. F. and Agostini,
                  P. and Schafer, K. J. and Kulander, K. C.},
  journal = {Phys. Rev. Lett.},
  volume = {73},
  issue = {9},
  pages = {1227--1230},
  numpages = {0},
  year = {1994},
  month = {Aug},
  publisher = {American Physical Society}
}

@phdthesis{phd_Kopold,
  author       = {Richard Kopold},
  title        = {Atomare Ionisationsdynamik in starken Laserfeldern},
  school       = {Institut f\"{u}r Theoretische Physik, Technische
                  Universit\"{a}t M\"{u}nchen},
  year         = 2001
}

@article{biegert_2013,
author = {Micha\"{e}l Hemmer and Matthias Baudisch and Alexandre Thai
                  and Arnaud Couairon and Jens Biegert},
journal = {Opt. Express},
keywords = {Self-action effects; Ultrafast nonlinear optics;
                  Supercontinuum generation; Dispersion; Electric
                  fields; Pulse compression; Pulse propagation;
                  Refractive index; Self phase modulation},
number = {23},
pages = {28095--28102},
publisher = {OSA},
title = {Self-compression to sub-3-cycle duration of mid-infrared
                  optical pulses in dielectrics},
volume = {21},
year = {2013}
}

@article{paulus_2001,
author = {Paulus, G. G. and Grasbon, F. and Walther, H. and Villoresi,
                  P. and Nisoli, M. and Stagira, S. and Priori, E. and
                  De Silvestri, S.},
title = {Absolute-phase phenomena in photoionization with few-cycle
                  laser pulses},
journal = {Nature},
year = {2001},
volume = {414},
pages = {182-184},
issue = {6860}
}

@article{dimauro_2012,
author = {Blaga, Cosmin I. and Xu, Junliang and DiChiara, Anthony D.
                  and Sistrunk, Emily and Zhang, Kaikai and Agostini,
                  Pierre and Miller, Terry A. and DiMauro, Louis F.
                  and Lin, C. D.},
year = {2012},
title = {Imaging ultrafast molecular dynamics with laser-induced
                  electron diffraction},
journal = {Nature},
pages = {194-197},
volume = {483},
issue = {7388}
}

@article{biegert_2015,
author = {Pullen, Michael G. and Wolter, Benjamin and Le, Anh-Thu and
                  Baudisch, Matthias and Hemmer, Michaël and
                  Senftleben, Arne and Schröter, Claus Dieter and
                  Ullrich, Joachim and Moshammer, Robert and Lin, C.
                  D. and Biegert, Jens},
year = {2015},
title = {Imaging an aligned polyatomic molecule with laser-induced
                  electron diffraction},
journal = {Nature Communications},
pages = {7262},
volume = {6},
issue = {1}
}

@article{noslen_2015,
  title = {Above-threshold ionization and photoelectron spectra in
                  atomic systems driven by strong laser fields},
  author = {Su\'arez, Noslen and Chac\'on, Alexis and Ciappina,
                  Marcelo F. and Biegert, Jens and Lewenstein, Maciej},
  journal = {Phys. Rev. A},
  volume = {92},
  issue = {6},
  pages = {063421},
  numpages = {15},
  year = {2015},
  publisher = {American Physical Society}
}

@article{milosevic_2013,
author = {Milošević,D. B.},
title = {Phase space path-integral formulation of the above-threshold
                  ionization},
journal = {Journal of Mathematical Physics},
volume = {54},
number = {4},
pages = {042101},
year = {2013}
}

@article{lewenstein_2013,
  title = {Quantum-orbit analysis of above-threshold ionization driven
                  by an intense spatially inhomogeneous field},
  author = {Shaaran, T. and Ciappina, M. F. and Lewenstein, M.},
  journal = {Phys. Rev. A},
  volume = {87},
  issue = {5},
  pages = {053415},
  numpages = {12},
  year = {2013},
  month = {May},
  publisher = {American Physical Society}
}

@article{muller_tdse1999,
  title = {Detailed comparison of above-threshold-ionization spectra
                  from accurate numerical integrations and
                  high-resolution measurements},
  author = {Nandor, M. J. and Walker, M. A. and Van Woerkom, L. D. and
                  Muller, H. G.},
  journal = {Phys. Rev. A},
  volume = {60},
  issue = {3},
  pages = {R1771--R1774},
  numpages = {0},
  year = {1999}
}

@article{scrinzi_tdse1999,
  title = {Ionization Above the Coulomb Barrier},
  author = {Scrinzi, Armin and Geissler, Michael and Brabec, Thomas},
  journal = {Phys. Rev. Lett.},
  volume = {83},
  issue = {4},
  pages = {706--709},
  numpages = {0},
  year = {1999}
}

@book{Joachain2000,
title = {High-Intensity Laser-Atom Physics},
author = {C.J. Joachain and M. D\"orr and N. Kylstra},
editor = {Benjamin Bederson and Herbert Walther},
series = {Advances In Atomic, Molecular, and Optical Physics},
publisher = {Academic Press},
volume = {42},
pages = {225 - 286},
year = {2000}
}

@book{Becker_ati2002,
title = {Above-Threshold Ionization: From Classical Features to
                  Quantum Effects},
editor = {Benjamin Bederson and Herbert Walther},
series = {Advances In Atomic, Molecular, and Optical Physics},
publisher = {Academic Press},
volume = {48},
pages = {35 - 98},
year = {2002},
issn = {1049-250X},
author = {W. Becker and F. Grasbon and R. Kopold and
                  D.B. Milo\v{s}evi\ifmmode\acute{c}\else\'{c}\fi{}
                  and G.G. Paulus and H. Walther}
}



@article{Becker_zeroV1990,
  title = {Short-range potential model for multiphoton detachment of
                  the $\mathrm{H}^{-}$ ion},
  author = {Becker, W. and Long, S. and McIver, J. K.},
  journal = {Phys. Rev. A},
  volume = {42},
  issue = {7},
  pages = {4416--4419},
  numpages = {0},
  year = {1990},
  month = {Oct},
  publisher = {American Physical Society}
}

@article{Kleber_zeroV1994,
title = {Exact solutions for time-dependent phenomena in quantum mechanics},
journal = {Physics Reports},
volume = {236},
number = {6},
pages = {331 - 393},
year = {1994},
issn = {0370-1573},
author = {M. Kleber}
}

@book{zeroV_book1988,
title = {Zero-Range Potentials and Their Applications in Atomic
                  Physics},
author = {Yu. N. Demkov and V. N. Ostrovskii},
series = {Physics of Atoms and Molecules},
publisher = {Springer US},
isbn = {978-1-4684-5453-6},
address = {New York},
year = {1988}
}

@article{frolov_zeroV2013,
  title = {Zero-range-potential model for strong-field molecular
                  processes: Dynamic polarizability and
                  photodetachment cross section},
  author = {Borzunov, S. V. and Frolov, M. V. and Ivanov, M. Yu. and
                  Manakov, N. L. and Marmo, S. S. and Starace, Anthony
                  F.},
  journal = {Phys. Rev. A},
  volume = {88},
  issue = {3},
  pages = {033410},
  numpages = {18},
  year = {2013}
}

@article{BeckerTEOp_2006,
	year = 2006,
	volume = {39},
	number = {14},
	pages = {R203--R262},
	author = {D.B. Milo\v{s}evi\ifmmode\acute{c}\else\'{c}\fi{}
                  and Paulus, G. G and Bauer, D. and Becker, W.},
	title = {Above-threshold ionization by few-cycle pulses},
	journal = {Journal of Physics B: Atomic, Molecular and Optical
                  Physics}
}

@article{BeckerRescattering_2018,
	year = 2018,
	publisher = {{IOP} Publishing},
	volume = {51},
	number = {16},
	pages = {162002},
	author = {Becker, W. and Goreslavski, S. P. and
                  Milo\v{s}evi\ifmmode\acute{c}\else\'{c}\fi{},
                  D. B. and Paulus, G. G.},
	title = {The plateau in above-threshold ionization: the
                  keystone of rescattering physics},
	journal = {Journal of Physics B: Atomic, Molecular and Optical
                  Physics}
}

@article{Protopapas_mpi_tunneling,
	year = 1997,
	publisher = {{IOP} Publishing},
	volume = {60},
	number = {4},
	pages = {389--486},
	author = {Protopapas, M. and Keitel, C. H and Knight, P. L.},
	title = {Atomic physics with super-high intensity lasers},
	journal = {Reports on Progress in Physics}
}

@incollection{Joachain_mpi_tunneling,
title = {High-{I}ntensity {L}aser-{A}tom {P}hysics},
editor = {Benjamin Bederson and Herbert Walther},
series = {Advances In Atomic, Molecular, and Optical Physics},
publisher = {Academic Press},
volume = {42},
pages = {225 - 286},
year = {2000},
issn = {1049-250X},
author = {Joachain, C. J. and D\"{o}rr, M. and Kylstra, N.}
}

@article{MullerStark_1988,
	year = 1988,
	publisher = {{IOP} Publishing},
	volume = {21},
	number = {24},
	pages = {4097--4105},
	author = {Petite, G. and Agostini, P. and Muller, H. G.},
	title = {Intensity dependence of non-perturbative
                  above-threshold ionisation spectra: experimental
                  study},
	journal = {Journal of Physics B: Atomic, Molecular and Optical
                  Physics}
}

@article{Becker_ellipticalSPA,
  title = {Rescattering {P}rocesses for {E}lliptical {P}olarization: A
                  {Q}uantum {T}rajectory {A}nalysis},
  author = {Kopold, R. and Milo\ifmmode \check{s}\else
                  \v{s}\fi{}evi\ifmmode \acute{c}\else \'{c}\fi{},
                  D. B. and Becker, W.},
  journal = {Phys. Rev. Lett.},
  volume = {84},
  issue = {17},
  pages = {3831--3834},
  numpages = {0},
  year = {2000},
  publisher = {American Physical Society}
}

@article{spa_1960,
  title = {{Quantum Transitions in the Adiabatic Aproximation}},
  author = {Dykhne, A. M.},
  journal = {Soviet Physics JETP},
  volume = {11},
  issue = {2},
  pages = {411--415},
  year = {1960}
}

@article{Becker_2step1986,
	year = 1986,
	month = {nov},
	publisher = {{IOP} Publishing},
	volume = {19},
	number = {22},
	pages = {L785--L792},
	author = {Becker, W. and Schlicher, R. R. and Scully, M. O.},
	title = {Final-state effects in above-threshold ionisation},
	journal = {Journal of Physics B: Atomic and Molecular Physics}
}